<?xml version="1.0" encoding="UTF-8"?><collection xmlns="http://www.loc.gov/MARC21/slim"><record><leader>00468nam--2200133-i-4500</leader><controlfield tag="001">000025578</controlfield><controlfield tag="002">20161230</controlfield><controlfield tag="005">20161230201036</controlfield><controlfield tag="008">060222s1000------------r-----000-0-eng-d</controlfield><datafield ind1=" " ind2=" " tag="080"><subfield code="a">621.375.826(061.3:048)</subfield></datafield><datafield ind1=" " ind2=" " tag="245"><subfield code="a">International conference and school. lasers and applications. bucharest 30 august-11 september 1982. invited papers-abstracts</subfield></datafield><datafield ind1=" " ind2=" " tag="260"><subfield code="a">Bucharest, Central Institute Of Physics, 1982, 84p</subfield></datafield><datafield ind1=" " ind2=" " tag="490"><subfield code="a">Abstracts And Proceedings Series</subfield></datafield><datafield ind1=" " ind2=" " tag="852"><subfield code="a">70181</subfield></datafield></record></collection>